@Misc{T1,
  author = {School of Biological Sciences and Applied Chemistry},
  editor = {Monica Wong},
  title  = {Topic 1: Sequence Alignment},
  year   = {2018},
}

